@article{flake2002rush,
  title={Rush Hour is PSPACE-complete, or “Why you should generously tip parking lot attendants”},
  author={Flake, Gary William and Baum, Eric B},
  journal={Theoretical Computer Science},
  volume={270},
  number={1},
  pages={895--911},
  year={2002},
  publisher={Elsevier}
}

@inproceedings{jaruvsek2011determines,
  title={What determines difficulty of transport puzzles},
  author={Jaru{\v{s}}ek, Petr and Pel{\'a}nek, Radek},
  booktitle={Proc. of Florida Artificial Intelligence Research Society Conference (FLAIRS 2011)},
  pages={428--433},
  year={2011}
}


